@inproceedings{chanetal,
   author = {Chan, Timothy M. and Larsen, Kasper Green and P\u{a}tra\c{s}cu, Mihai},
   title = {Orthogonal Range Searching on the RAM, Revisited},
   booktitle = {Proceedings of the Twenty-seventh Annual Symposium on Computational Geometry},
   series = {SoCG '11},
   year = {2011},
   isbn = {978-1-4503-0682-9},
   location = {Paris, France},
 pages = {1--10},
 numpages = {10},
 url = {http://doi.acm.org/10.1145/1998196.1998198},
 doi = {10.1145/1998196.1998198},
 acmid = {1998198},
 publisher = {ACM},
 address = {New York, NY, USA},
 keywords = {dominance, geometric data structures, maxima, orthogonal range searching, word RAM},
} 
@book{compgeo,
 author = {Berg, Mark de and Cheong, Otfried and Kreveld, Marc van and Overmars, Mark},
 title = {Computational Geometry: Algorithms and Applications},
 year = {2008},
 isbn = {3540779736, 9783540779735},
 edition = {3rd ed.},
 publisher = {Springer-Verlag TELOS},
 address = {Santa Clara, CA, USA},
} 

@article{fischer,
  author    = {Johannes Fischer},
  title     = {Optimal Succinctness for Range Minimum Queries},
  journal   = {CoRR},
  volume    = {abs/0812.2775},
  year      = {2008},
  url       = {http://arxiv.org/abs/0812.2775},
  timestamp = {Fri, 12 Dec 2014 17:37:42 +0100},
  biburl    = {http://dblp.uni-trier.de/rec/bib/journals/corr/abs-0812-2775},
  bibsource = {dblp computer science bibliography, http://dblp.org}
}
@article{morehaste,
  author    = {Roberto Grossi and
               Alessio Orlandi and
               Rajeev Raman and
               S. Srinivasa Rao},
  title     = {More Haste, Less Waste: Lowering the Redundancy in Fully Indexable
               Dictionaries},
  journal   = {CoRR},
  volume    = {abs/0902.2648},
  year      = {2009},
  url       = {http://arxiv.org/abs/0902.2648},
  timestamp = {Tue, 11 Jun 2013 07:41:50 +0200},
  biburl    = {http://dblp.uni-trier.de/rec/bib/journals/corr/abs-0902-2648},
  bibsource = {dblp computer science bibliography, http://dblp.org}
}

